@MISC{nsd,
  title = {{Android API: Network Service Discovery}},
  howpublished = {\url{https://developer.android.com/training/connect-devices-wirelessly/nsd.html}},
  note = {Accessed on 13 Nov 2017}
}

@MISC{youtubeExtractor,
  title = {{Android based YouTube URL extractor}},
  howpublished = {\url{https://github.com/HaarigerHarald/android-youtubeExtractor}},
  note = {Accessed on 13 Nov 2017}
}

@MISC{balsamiq,
  title = {{Balsamiq UI mockup desgin tool}},
  howpublished = {\url{https://balsamiq.com/}},
  note = {Accessed on 13 Nov 2017}
}
